<record><leader>00000cas a22000007a 4500</leader><controlfield tag="001">27064699</controlfield><controlfield tag="008">921204d197u19uuokuwr ne      0    0eng d</controlfield><datafield ind1=" " ind2=" " tag="010"><subfield code="a">sn 92072411 </subfield></datafield><datafield ind1=" " ind2=" " tag="040"><subfield code="a">OBN</subfield><subfield code="b">eng</subfield><subfield code="c">OBN</subfield><subfield code="d">OCLCQ</subfield></datafield><datafield ind1=" " ind2=" " tag="042"><subfield code="a">msc</subfield></datafield><datafield ind1="0" ind2=" " tag="130"><subfield code="a">Suburban sun (Choctaw, Okla.)</subfield></datafield><datafield ind1="1" ind2="0" tag="245"><subfield code="a">Suburban sun.</subfield></datafield><datafield ind1=" " ind2=" " tag="260"><subfield code="a">Choctaw, Okla. :</subfield><subfield code="b">Suburban Pub.</subfield></datafield><datafield ind1=" " ind2=" " tag="300"><subfield code="a">v.</subfield></datafield><datafield ind1=" " ind2=" " tag="310"><subfield code="a">Weekly</subfield></datafield><datafield ind1=" " ind2=" " tag="588"><subfield code="a">Description based on: 2nd year, no. 40 (Jan. 29, 1976).</subfield></datafield><datafield ind1=" " ind2="4" tag="651"><subfield code="a">Choctaw (Okla.)</subfield><subfield code="v">Newspapers.</subfield></datafield><datafield ind1=" " ind2="4" tag="651"><subfield code="a">Oklahoma County (Okla.)</subfield><subfield code="v">Newspapers.</subfield></datafield><datafield ind1=" " ind2=" " tag="752"><subfield code="a">United States</subfield><subfield code="b">Oklahoma</subfield><subfield code="c">Oklahoma</subfield><subfield code="d">Choctaw.</subfield></datafield></record>